<collection xmlns="http://www.loc.gov/MARC21/slim">
<record>
  <leader>01183nam0a2200265 i 450 </leader>
  <controlfield tag="001">IT\ICCU\CNCE\042861</controlfield>
  <controlfield tag="005">20130509000000.0</controlfield>
  <datafield tag="012" ind1=" " ind2=" ">
    <subfield code="a">uei. s.l. s.l. Depe (3) 1514 (A)</subfield>
    <subfield code="2">fei</subfield>
  </datafield>
  <datafield tag="100" ind1=" " ind2=" ">
    <subfield code="a">19981216d1514        0itac0103    ba</subfield>
  </datafield>
  <datafield tag="101" ind1=" " ind2=" ">
    <subfield code="a">LAT</subfield>
  </datafield>
  <datafield tag="102" ind1=" " ind2=" ">
    <subfield code="a">IT</subfield>
  </datafield>
  <datafield tag="200" ind1="1" ind2=" ">
    <subfield code="a">℗Alexandri Baldi Troiani sacrarum legum studentis  ℗Pomilegum ...</subfield>
  </datafield>
  <datafield tag="210" ind1=" " ind2=" ">
    <subfield code="e">Perusie</subfield>
    <subfield code="g">per Franciscum Baldassaris de Chartolarijs</subfield>
    <subfield code="h">1514</subfield>
  </datafield>
  <datafield tag="215" ind1=" " ind2=" ">
    <subfield code="a">63, \1! c.</subfield>
    <subfield code="d">fol</subfield>
  </datafield>
  <datafield tag="620" ind1=" " ind2=" ">
    <subfield code="a">IT</subfield>
    <subfield code="d">Perugia</subfield>
  </datafield>
  <datafield tag="700" ind1=" " ind2="1">
    <subfield code="a">Baldi,</subfield>
    <subfield code="b">Alessandro</subfield>
    <subfield code="3">IT\ICCU\CNCA\011419</subfield>
  </datafield>
  <datafield tag="712" ind1="0" ind2="0">
    <subfield code="a">Cartolari, Francesco</subfield>
    <subfield code="3">IT\ICCU\CNCT\000179</subfield>
    <subfield code="4">650</subfield>
  </datafield>
  <datafield tag="790" ind1=" " ind2="1">
    <subfield code="a">Baldo,</subfield>
    <subfield code="b">Alessandro</subfield>
    <subfield code="3">IT\ICCU\CNCA\028122</subfield>
    <subfield code="z">Baldi, Alessandro</subfield>
  </datafield>
  <datafield tag="791" ind1="0" ind2="2">
    <subfield code="a">Franciscus Baldasaris</subfield>
    <subfield code="3">IT\ICCU\CNCT\004487</subfield>
    <subfield code="z">Cartolari, Francesco</subfield>
  </datafield>
  <datafield tag="791" ind1="0" ind2="2">
    <subfield code="a">Franciscus Baldessaris</subfield>
    <subfield code="3">IT\ICCU\CNCT\004489</subfield>
    <subfield code="z">Cartolari, Francesco</subfield>
  </datafield>
  <datafield tag="791" ind1="0" ind2="2">
    <subfield code="a">Francesco de Baldasaro</subfield>
    <subfield code="3">IT\ICCU\CNCT\004492</subfield>
    <subfield code="z">Cartolari, Francesco</subfield>
  </datafield>
  <datafield tag="801" ind1=" " ind2="3">
    <subfield code="a">IT</subfield>
    <subfield code="b">ICCU</subfield>
    <subfield code="c">20201114</subfield>
  </datafield>
  <datafield tag="899" ind1=" " ind2=" ">
    <subfield code="a">Biblioteca Porziuncola. Assisi</subfield>
    <subfield code="1">PG0179</subfield>
    <subfield code="2">UM1 36</subfield>
  </datafield>
  <datafield tag="911" ind1=" " ind2=" ">
    <subfield code="a">In fine</subfield>
    <subfield code="9">IT\ICCU\CNCM\002107</subfield>
  </datafield>
  <datafield tag="921" ind1=" " ind2=" ">
    <subfield code="a">IT\ICCU\CNCM\002107</subfield>
    <subfield code="b">Croce latina con quattro punti e iniziale F. In cornice.</subfield>
    <subfield code="c">Z400</subfield>
    <subfield code="d">5,8 x 8,5 cm.</subfield>
    <subfield code="f">CROCE</subfield>
    <subfield code="f">F</subfield>
    <subfield code="g">1502-[non dopo il 1518]</subfield>
  </datafield>
</record>
</collection>
